@MISC {1522816,
    TITLE = {Union of the conjugates of a proper subgroup},
    AUTHOR = {user169852},
    HOWPUBLISHED = {Mathematics Stack Exchange},
    NOTE = {URL:https://math.stackexchange.com/q/1522816 (version: 2015-11-10)},
    EPRINT = {https://math.stackexchange.com/q/1522816},
    URL = {https://math.stackexchange.com/q/1522816},
    YEAR = 2015
}

@MISC {59911,
    TITLE = {Finite subgroups of the multiplicative group of a field are cyclic},
    AUTHOR = {Andrea},
    HOWPUBLISHED = {Mathematics Stack Exchange},
    NOTE = {URL:https://math.stackexchange.com/q/59911 (version: 2022-11-15)},
    EPRINT = {https://math.stackexchange.com/q/59911},
    URL = {https://math.stackexchange.com/q/59911},
    YEAR = 2011
}